@article{mihara,
    author={Takashi Mihara},
    title={Misdirection Steganography},
    journal={Soft Computing - A Fusion of Foundations, Methodologies and Applications},
    volume={24},
    number={21},
    year={2020},
    DOI={doi:10.1007/s00500-020-05345-1}
}